<?xml version="1.0" encoding="UTF-8"?>
<marc:records xmlns:marc="http://www.loc.gov/MARC21/slim" xmlns:xsi="http://www.w3.org/2001/XMLSchema-instance" xsi:schemaLocation="http://www.loc.gov/MARC21/slim http://www.loc.gov/standards/marcxml/schema/MARC21slim.xsd">
  <marc:record>
    <marc:leader>02658ctm a2200445 i 4500</marc:leader>
    <marc:controlfield tag="001">9973971733503681</marc:controlfield>
    <marc:controlfield tag="005">20220607144445.0</marc:controlfield>
    <marc:controlfield tag="008">170125s1490    it a          000 0 lat d</marc:controlfield>
    <marc:datafield ind1=" " ind2=" " tag="035">
  <marc:subfield code="a">(OCoLC)on1020055699</marc:subfield>
</marc:datafield>
    <marc:datafield ind1=" " ind2=" " tag="035">
  <marc:subfield code="a">(OCoLC)1020055699</marc:subfield>
</marc:datafield>
    <marc:datafield ind1=" " ind2=" " tag="035">
  <marc:subfield code="a">(PU)7397173-penndb-Voyager</marc:subfield>
</marc:datafield>
    <marc:datafield ind1=" " ind2=" " tag="035">
  <marc:subfield code="a">(PUVoyagerBIBID)9973971733503681</marc:subfield>
</marc:datafield>
    <marc:datafield ind1=" " ind2=" " tag="040">
  <marc:subfield code="a">PAU</marc:subfield>
  <marc:subfield code="b">eng</marc:subfield>
  <marc:subfield code="e">dacs</marc:subfield>
  <marc:subfield code="c">PAU</marc:subfield>
</marc:datafield>
    <marc:datafield ind1=" " ind2="9" tag="099">
  <marc:subfield code="a">Ms. Coll. 591</marc:subfield>
  <marc:subfield code="e">Folder 43</marc:subfield>
</marc:datafield>
    <marc:datafield ind1="0" ind2="0" tag="245">
  <marc:subfield code="a">Indictio cu[r]rens,</marc:subfield>
  <marc:subfield code="f">1490.</marc:subfield>
</marc:datafield>
    <marc:datafield ind1=" " ind2=" " tag="300">
  <marc:subfield code="a">1</marc:subfield>
  <marc:subfield code="f">item (1 leaf) :</marc:subfield>
  <marc:subfield code="b">paper ;</marc:subfield>
  <marc:subfield code="c">218 x 150 mm</marc:subfield>
</marc:datafield>
    <marc:datafield ind1=" " ind2=" " tag="336">
  <marc:subfield code="a">text</marc:subfield>
  <marc:subfield code="b">txt</marc:subfield>
  <marc:subfield code="2">rdacontent</marc:subfield>
</marc:datafield>
    <marc:datafield ind1=" " ind2=" " tag="337">
  <marc:subfield code="a">unmediated</marc:subfield>
  <marc:subfield code="b">n</marc:subfield>
  <marc:subfield code="2">rdamedia</marc:subfield>
</marc:datafield>
    <marc:datafield ind1=" " ind2=" " tag="338">
  <marc:subfield code="a">unspecified</marc:subfield>
  <marc:subfield code="b">zu</marc:subfield>
  <marc:subfield code="2">rdacarrier</marc:subfield>
</marc:datafield>
    <marc:datafield ind1=" " ind2=" " tag="520">
  <marc:subfield code="a">Circular diagram written in Italy in 1490 aligning the years 1490-1504 with the indictio, a fifteen-year cycle used by medieval notaries to date documents until the end of the 16th century.  A faded paragraph above the diagram and a clearer one below, written in humanist cursive script, explain its use and conclude with a note that the indictio is particularly familiar among notaries.  The title of the diagram and the year 1490 in roman numerals are written in the the bars of a cross in the center of the diagram.</marc:subfield>
</marc:datafield>
    <marc:datafield ind1=" " ind2=" " tag="546">
  <marc:subfield code="a">In Latin.</marc:subfield>
</marc:datafield>
    <marc:datafield ind1="1" ind2=" " tag="561">
  <marc:subfield code="a">Sold at auction at Bloomsbury Auctions (London), 7 December 2016, lot 22.</marc:subfield>
</marc:datafield>
    <marc:datafield ind1=" " ind2=" " tag="581">
  <marc:subfield code="a">Herman, Nicholas. Making the Renaissance Manuscript: Discoveries from Philadelphia Libraries (exh. cat.). Philadelphia: University of Pennsylvania Libraries, 2020. 41, 252-53 (cat. 75).</marc:subfield>
</marc:datafield>
    <marc:datafield ind1=" " ind2=" " tag="590">
  <marc:subfield code="a">Acquired for the Penn Libraries with assistance from the Constance L. Rosenthal Book Fund.</marc:subfield>
</marc:datafield>
    <marc:datafield ind1=" " ind2="0" tag="650">
  <marc:subfield code="a">Chronology</marc:subfield>
  <marc:subfield code="z">Italy.</marc:subfield>
</marc:datafield>
    <marc:datafield ind1=" " ind2="7" tag="650">
  <marc:subfield code="a">Notaries.</marc:subfield>
  <marc:subfield code="2">fast</marc:subfield>
  <marc:subfield code="0">http://id.worldcat.org/fast/1039553</marc:subfield>
</marc:datafield>
    <marc:datafield ind1=" " ind2="7" tag="650">
  <marc:subfield code="a">Chronology.</marc:subfield>
  <marc:subfield code="2">fast</marc:subfield>
  <marc:subfield code="0">http://id.worldcat.org/fast/860197</marc:subfield>
</marc:datafield>
    <marc:datafield ind1=" " ind2="0" tag="650">
  <marc:subfield code="a">Notaries</marc:subfield>
  <marc:subfield code="z">Italy.</marc:subfield>
  <marc:subfield code="0">http://id.loc.gov/authorities/subjects/sh2010103819</marc:subfield>
</marc:datafield>
    <marc:datafield ind1=" " ind2="7" tag="651">
  <marc:subfield code="a">Italy.</marc:subfield>
  <marc:subfield code="2">fast</marc:subfield>
  <marc:subfield code="0">http://id.worldcat.org/fast/1204565</marc:subfield>
</marc:datafield>
    <marc:datafield ind1=" " ind2="7" tag="655">
  <marc:subfield code="a">Diagrams.</marc:subfield>
  <marc:subfield code="2">aat</marc:subfield>
  <marc:subfield code="0">http://vocab.getty.edu/aat/300015387</marc:subfield>
</marc:datafield>
    <marc:datafield ind1=" " ind2="7" tag="655">
  <marc:subfield code="a">Manuscripts, Latin</marc:subfield>
  <marc:subfield code="y">15th century.</marc:subfield>
  <marc:subfield code="2">local</marc:subfield>
</marc:datafield>
    <marc:datafield ind1=" " ind2="0" tag="655">
  <marc:subfield code="a">Manuscripts, Renaissance.</marc:subfield>
</marc:datafield>
    <marc:datafield ind1="2" ind2=" " tag="710">
  <marc:subfield code="a">Constance L. Rosenthal Book Fund.</marc:subfield>
  <marc:subfield code="5">PU</marc:subfield>
</marc:datafield>
    <marc:datafield ind1="0" ind2=" " tag="773">
  <marc:subfield code="t">Manuscript Fragment Collection.</marc:subfield>
  <marc:subfield code="g">Folder 43</marc:subfield>
</marc:datafield>
    <marc:datafield ind1="0" ind2="0" tag="773">
  <marc:subfield code="t">Constance L. Rosenthal Book Fund.</marc:subfield>
</marc:datafield>
    <marc:datafield ind1=" " ind2=" " tag="852">
  <marc:subfield code="b">Kislak Center for Special Collections, Rare Books and Manuscripts</marc:subfield>
  <marc:subfield code="a">University of Pennsylvania</marc:subfield>
  <marc:subfield code="e">3420 Walnut Street, Philadelphia, Pennsylvania 19104-6206.</marc:subfield>
  <marc:subfield code="j">Ms. Coll. 591</marc:subfield>
</marc:datafield>
    <marc:datafield ind1="4" ind2="2" tag="856">
  <marc:subfield code="3">The Constance L. Rosenthal Book Fund Home Page</marc:subfield>
  <marc:subfield code="u">http://hdl.library.upenn.edu/1017.12/366271</marc:subfield>
</marc:datafield>
    <marc:datafield ind1="4" ind2="1" tag="856">
  <marc:subfield code="z">Digital facsimile for browsing (Colenda)</marc:subfield>
  <marc:subfield code="u">https://colenda.library.upenn.edu/catalog/81431-p3rv0d355</marc:subfield>
</marc:datafield>
    <marc:datafield ind1=" " ind2=" " tag="902">
  <marc:subfield code="a">MARCIVE 2022</marc:subfield>
</marc:datafield>
    <marc:datafield ind1=" " ind2=" " tag="996">
  <marc:subfield code="a">unbound</marc:subfield>
</marc:datafield>
    <marc:datafield ind1=" " ind2=" " tag="999">
  <marc:subfield code="a">DLA</marc:subfield>
  <marc:subfield code="b">20180905</marc:subfield>
</marc:datafield>
    <marc:holdings>
      <marc:holding>
        <marc:holding_id>22339324870003681</marc:holding_id>
        <marc:call_number>Ms. Coll. 591 Folder 43</marc:call_number>
        <marc:library>KislakCntr</marc:library>
        <marc:location>scmss</marc:location>
      </marc:holding>
    </marc:holdings>
  </marc:record>
</marc:records>
